@article{ruiz2019odisseia,
  title={A Odisseia de Homero e a condi{\c{c}}{\~a}o humana},
  author={Ruiz, Rafael},
  journal={Intell{\`e}ctus},
  volume={18},
  number={1},
  pages={1--25},
  year={2019},
  url = {https://periodicos.ufmg.br/index.php/nuntius_antiquus/article/view/17232},
  urldate = {2024-03-20}
}

@article{assunccao2011infidelidades,
  title={Infidelidades veladas: Ulisses entre Circe e Calipso na Odisseia},
  author={Assun{\c{c}}{\~a}o, Teodoro Renn{\'o}},
  journal={Nuntius antiquus},
  volume={7},
  number={2},
  pages={152--176},
  year={2011},
  url = {https://www.e-publicacoes.uerj.br/intellectus/article/download/44031/30141},
  urldate = {2024-03-20}
}

@BOOK{Vernant2000-uz,
  title    = "{O} universo, os deuses, os homens",
  author   = "Vernant, Jean-Pierre",
  year     =  2000,
  language = "pt",
  publisher = "Companhia das Letras",
  location = "SÃ£o Paulo",
  translator = {Rosa Freire d'Aguiar}
}
