@article{vlaardingerbroek2010abiogenesis,
	title = {Abiogenesis in upper secondary biology curricula},
	author = {Vlaardingerbroek, Barend},
	journal = {Evolution: Education and Outreach},
	volume = {3},
	pages = {432--435},
	year = {2010},
	publisher = {Springer},
}

@article{buckley2020fungal,
	title = {The Fungal Kingdom: diverse and essential roles in earth's
	         ecosystem},
	journal = {American Academy of Microbiology Colloquia Reports},
	author = {Buckley, Merry},
	year = {2008},
	publisher = {American Society for Microbiology},
}

@article{Benedict2016,
	title = {Invasive Fungal Infections Acquired from Contaminated Food or
	         Nutritional Supplements: A Review of the Literature},
	journal = {Foodborne Pathogens and Disease},
	author = {Benedict, Kaitlin and Chiller, Tom M. and Mody, Rajal K.},
	year = {2016},
	publisher = {Mary Ann Liebert, Inc.},
	howpublished = {via NLM},
}


